<record><leader>00000cas a22000007a 4500</leader><controlfield tag="001">17453211</controlfield><controlfield tag="008">880209d1987198umsuwr ne      0    0eng d</controlfield><datafield ind1=" " ind2=" " tag="010"><subfield code="a">sn 88067046 </subfield></datafield><datafield ind1=" " ind2=" " tag="040"><subfield code="a">MSJ</subfield><subfield code="b">eng</subfield><subfield code="c">MSJ</subfield><subfield code="d">OCLCQ</subfield></datafield><datafield ind1=" " ind2=" " tag="042"><subfield code="a">msc</subfield></datafield><datafield ind1="0" ind2="4" tag="245"><subfield code="a">The Hub city news.</subfield></datafield><datafield ind1=" " ind2=" " tag="260"><subfield code="a">Hattiesburg, Miss. :</subfield><subfield code="b">Eddie Taylor,</subfield><subfield code="c">1987-</subfield></datafield><datafield ind1=" " ind2=" " tag="310"><subfield code="a">Weekly</subfield></datafield><datafield ind1="0" ind2=" " tag="362"><subfield code="a">Vol. 5, no. 3 (Jan. 22, 1987)-</subfield></datafield><datafield ind1=" " ind2=" " tag="752"><subfield code="a">United States</subfield><subfield code="b">Mississippi</subfield><subfield code="c">Forrest</subfield><subfield code="d">Hattiesburg.</subfield></datafield><datafield ind1="0" ind2="0" tag="780"><subfield code="t">Hub city community news</subfield><subfield code="w">(OCoLC)17453254</subfield></datafield><datafield ind1="0" ind2="0" tag="785"><subfield code="t">South Mississippi community news</subfield><subfield code="w">(OCoLC)17453144</subfield></datafield></record>